@techreport{clausen2003optimized,
  title={{Optimized link state routing protocol (OLSR)}},
  author={Clausen, Thomas and Jacquet, Philippe},
  year={2003}
}
@techreport{mcquillan1978arpanet,
  title={Arpanet routing algorithm improvements},
  author={McQuillan, John M and Richer, Ira and Rosen, Eric C and Bertsekas, DP},
  year={1978},
  institution={DTIC Document}
}